<record><leader>00000cas a2200000 a 4500</leader><controlfield tag="001">646858238</controlfield><controlfield tag="008">100712c20059999ctuwr ne      0    0eng c</controlfield><datafield ind1=" " ind2=" " tag="010"><subfield code="a">  2010237545</subfield></datafield><datafield ind1=" " ind2=" " tag="040"><subfield code="a">CZL</subfield><subfield code="b">eng</subfield><subfield code="c">CZL</subfield><subfield code="d">CZL</subfield><subfield code="d">OCLCF</subfield></datafield><datafield ind1=" " ind2=" " tag="042"><subfield code="a">pcc</subfield></datafield><datafield ind1=" " ind2=" " tag="043"><subfield code="a">n-us-ct</subfield></datafield><datafield ind1="1" ind2="4" tag="050"><subfield code="a">AN104.S54</subfield><subfield code="b">W44</subfield></datafield><datafield ind1="0" ind2="0" tag="245"><subfield code="a">Shelton weekly</subfield></datafield><datafield ind1=" " ind2=" " tag="260"><subfield code="a">Milford, CT :</subfield><subfield code="b">Journal Register Co.</subfield></datafield><datafield ind1=" " ind2=" " tag="300"><subfield code="a">v. :</subfield><subfield code="b">ill.</subfield></datafield><datafield ind1=" " ind2=" " tag="310"><subfield code="a">Weekly</subfield></datafield><datafield ind1="1" ind2=" " tag="362"><subfield code="a">Began 2005?</subfield></datafield><datafield ind1=" " ind2=" " tag="588"><subfield code="a">Description based: Vol. 1, no. 44 (Mar. 3, 2005); title from masthead.</subfield></datafield><datafield ind1=" " ind2=" " tag="588"><subfield code="a">Latest issue consulted: Vol. 1 [i.e vol. 2], no. 35 (Dec. 29, 2005).</subfield></datafield><datafield ind1=" " ind2="0" tag="651"><subfield code="a">Shelton (Conn.)</subfield><subfield code="v">Newspapers.</subfield></datafield><datafield ind1=" " ind2="7" tag="655"><subfield code="a">Newspapers.</subfield><subfield code="2">fast</subfield><subfield code="0">(OCoLC)fst01423814</subfield></datafield><datafield ind1=" " ind2="7" tag="651"><subfield code="a">Connecticut</subfield><subfield code="z">Shelton.</subfield><subfield code="2">fast</subfield><subfield code="0">(OCoLC)fst01224873</subfield></datafield><datafield ind1=" " ind2=" " tag="752"><subfield code="a">United States</subfield><subfield code="b">Connecticut</subfield><subfield code="c">New Haven</subfield><subfield code="d">Milford.</subfield></datafield></record>